<?xml version="1.0" encoding="UTF-8"?><record xmlns="http://www.loc.gov/MARC21/slim" xmlns:cinclude="http://apache.org/cocoon/include/1.0" xmlns:zs="http://www.loc.gov/zing/srw/">
  <leader>01270cz  a2200241n  4500</leader>
  <controlfield tag="001">nb2010015550</controlfield>
  <controlfield tag="003">DLC</controlfield>
  <controlfield tag="005">20140212073836.0</controlfield>
  <controlfield tag="008">100616n| azannaabn          |a ana      </controlfield>
  <datafield tag="010" ind1=" " ind2=" ">
    <subfield code="a">nb2010015550</subfield>
  </datafield>
  <datafield tag="035" ind1=" " ind2=" ">
    <subfield code="a">(OCoLC)oca08532819</subfield>
  </datafield>
  <datafield tag="040" ind1=" " ind2=" ">
    <subfield code="a">Uk</subfield>
    <subfield code="b">eng</subfield>
    <subfield code="e">rda</subfield>
    <subfield code="c">Uk</subfield>
    <subfield code="d">NNCU-C</subfield>
  </datafield>
  <datafield tag="110" ind1="2" ind2=" ">
    <subfield code="a">SEA aeroporti di Milano</subfield>
  </datafield>
  <datafield tag="410" ind1="2" ind2=" ">
    <subfield code="a">Società esercizi aeroportuali</subfield>
  </datafield>
  <datafield tag="410" ind1="2" ind2=" ">
    <subfield code="a">Società p.a. esercizi aeroportuali</subfield>
  </datafield>
  <datafield tag="410" ind1="2" ind2=" ">
    <subfield code="a">Società per azioni esercizi aeroportuali</subfield>
  </datafield>
  <datafield tag="410" ind1="2" ind2=" ">
    <subfield code="a">SEA (Milan, Italy)</subfield>
  </datafield>
  <datafield tag="670" ind1=" " ind2=" ">
    <subfield code="a">Milano Malpensa, c2006:</subfield>
    <subfield code="b">t.p. (SEA Aeroporti di Milano)</subfield>
  </datafield>
  <datafield tag="670" ind1=" " ind2=" ">
    <subfield code="a">Its www site, 16 June 2010:</subfield>
    <subfield code="b">English pages, SEA group page (SEA is the company that manages the airports of Linate and Malpensa [Milan, Italy])</subfield>
  </datafield>
  <datafield tag="670" ind1=" " ind2=" ">
    <subfield code="a">Gli aeroporti di Milano hanno vent'anni, 1968:</subfield>
    <subfield code="b">half-title (SEA Società p.a. esercizi aeroportuali)</subfield>
  </datafield>
  <datafield tag="670" ind1=" " ind2=" ">
    <subfield code="a">OCLC, viewed Dec. 27, 2012</subfield>
    <subfield code="b">(hdg.: Società Esercizi Aeroportuali; usage: Società p.a. Esercizi Aeroportuali)</subfield>
  </datafield>
  <datafield tag="670" ind1=" " ind2=" ">
    <subfield code="a">DNB in VIAF</subfield>
    <subfield code="b">(Società Esercizi Aeroportuali; alternate name: SEA)</subfield>
  </datafield>
  <datafield tag="670" ind1=" " ind2=" ">
    <subfield code="a">Biblioteca nazionale centrale di Firenze OPAC, viewed Dec. 27.2012</subfield>
    <subfield code="b">(Società esercizi aeroportuali is the preferred form for: SEA aeroporti di Milano; Società per azioni esercizi aeroportuali; SEA)</subfield>
  </datafield>
</record>